@article{bengio2000gradient,
  title={Gradient-based optimization of hyperparameters},
  author={Bengio, Yoshua},
  journal={Neural computation},
  volume={12},
  number={8},
  pages={1889--1900},
  year={2000},
  publisher={MIT Press}
}

@article{hochreiter1997long,
  title={Long short-term memory},
  author={Hochreiter, Sepp and Schmidhuber, J{\"u}rgen},
  journal={Neural computation},
  volume={9},
  number={8},
  pages={1735--1780},
  year={1997},
  publisher={MIT Press}
}

@Article{ lecun1989backpropagation,
	title = "Backpropagation applied to handwritten zip code recognition",
	author = "Y. LeCun and B. Boser and J. S. Denker and D. Henderson and R. E. Howard and W. Hubbard and L. D. Jackel",
	journal = "Neural Computation",
	volume = "1",
	pages = "541--551",
	year = "1989",
	publisher = "Massachusetts Institute of Technology"
}

@inproceedings{snoek2012practical,
  title={Practical {B}ayesian Optimization of Machine Learning Algorithms},
  author={Snoek, Jasper and Larochelle, Hugo and Ryan P. Adams},
  booktitle={Advances in Neural Information Processing Systems 25},
  pages={2960--2968},
  year={2012}
}

@Article{ salakhutdinov2008using,
	author = "Ruslan Salakhutdinov and Geoffrey Hinton",
	title = "Using Deep Belief Nets to Learn Covariance Kernels for {G}aussian Processes",
	journal = "Advances in Neural information processing systems",
	volume = "20",
	pages = "1249--1256",
	year = "2008",
	booktitle = "Advances in Neural Information Processing Systems"
}

@Book{ rasmussen38gaussian,
	author = "Carl E. Rasmussen and Christopher K.I. Williams",
	title = "{G}aussian Processes for Machine Learning",
	publisher = "The MIT Press, Cambridge, MA, USA",
	year = "2006"
}

@Article{ bengio1994learning,
	title = "Learning long-term dependencies with gradient descent is difficult",
	author = "Yoshua Bengio and Patrice Simard and Paolo Frasconi",
	journal = "Neural Networks, IEEE Transactions on",
	volume = "5",
	number = "2",
	pages = "157--166",
	year = "1994",
	publisher = "IEEE"
}

@Article{ pascanu2012understanding,
	title = "Understanding the exploding gradient problem",
	author = "Razvan Pascanu and Tomas Mikolov and Yoshua Bengio",
	journal = "arXiv preprint arXiv:1211.5063",
	year = "2012"
}

@article{lecun1995convolutional,
  title={Convolutional networks for images, speech, and time series},
  author={LeCun, Yann and Bengio, Yoshua},
  journal={The handbook of brain theory and neural networks},
  volume={3361},
  year={1995},
  publisher={MIT Press}
}

@article{chapelle2002choosing,
  title={Choosing multiple parameters for support vector machines},
  author={Chapelle, Olivier and Vapnik, Vladimir and Bousquet, Olivier and Mukherjee, Sayan},
  journal={Machine learning},
  volume={46},
  number={1-3},
  pages={131--159},
  year={2002},
  publisher={Springer}
}

@incollection{larsen1998adaptive,
  title={Adaptive regularization in neural network modeling},
  author={Larsen, Jan and Svarer, Claus and Andersen, Lars Nonboe and Hansen, Lars Kai},
  booktitle={Neural Networks: Tricks of the Trade},
  pages={113--132},
  year={1998},
  publisher={Springer}
}

@article{deepGPVar14,
title={Nested Variational Compression in Deep {G}aussian Processes},
author={James Hensman and Neil D. Lawrence},
journal={arXiv preprint arXiv:1412.1370},
year={2014}}

@article{schaul2012no,
  title={No more pesky learning rates},
  author={Schaul, Tom and Zhang, Sixin and LeCun, Yann},
  journal={arXiv preprint arXiv:1206.1106},
  year={2012}}

@article{Adam14,
title={Adam: A Method for Stochastic Optimization},
author={Diederik Kingma and Jimmy Ba},
journal={arXiv preprint arXiv:1412.6980},
year={2014}}

@article{Adasecant14,
title={{ADASECANT}: Robust Adaptive Secant Method for Stochastic Gradient},
author={Caglar Gulcehre and Yoshua Bengio},
journal={arXiv preprint arXiv:1412.7419},
year={2014}}

@article{Hotswap14,
title={Hot Swapping for Online Adaptation of Optimization Hyperparameters},
author={Kevin Bache and Dennis DeCoste and Padhraic Smyth},
journal={arXiv preprint arXiv:1412.6599},
year={2014}}

@article{Bridging14,
title={{M}arkov Chain {M}onte {C}arlo and Variational Inference: Bridging the Gap},
author={Tim Salimans and Diederik P. Kingma and Max Welling},
journal={arXiv preprint arXiv:1410.6460},
year={2014}}

@inproceedings{Autodiff14,
title={Automatic differentiation of algorithms for machine learning},
author={Baydin, A. G. and Pearlmutter, B. A.},
booktitle={Proceedings of the AutoML Workshop at the International Conference on Machine Learning (ICML)},
year={2014}}

@phdthesis{pearlmutter1996investigation,
  title={An investigation of the gradient descent process in neural networks},
  author={Pearlmutter, Barak},
  school = {Carnegie Mellon University},
  year={1996}
}

@phdthesis{samuel2012gradient,
  title={Gradient based {MRF} learning for image restoration and segmentation},
  author={Samuel, Kegan G.},
  year={2012},
  school={University of Central Florida Orlando, Florida}
}

@inproceedings{bergstra2011algorithms,
  title={Algorithms for hyper-parameter optimization},
  author={Bergstra, James and Bardenet, R{\'e}mi and Bengio, Yoshua and K{\'e}gl, Bal{\'a}zs and others},
  booktitle={Advances in Neural Information Processing Systems},
  year={2011}
}

@inproceedings{BerYamCox13,
    Title={Making a Science of Model Search: Hyperparameter Optimization in Hundreds of Dimensions for Vision Architectures},
    Author={James Bergstra and Daniel Yamins and David Cox},
    Pages={115--123},
    Year={2013},
    Booktitle = {International Conference on Machine Learning}
}

@InProceedings{HutHooLey11,
  author= {Hutter, Frank and Hoos, Holger H and Leyton-Brown, Kevin},
  title = {Sequential Model-Based Optimization for General Algorithm Configuration},
  booktitle = {Proceedings of LION-5},
  publisher = {Springer},
  year = {2011},
  pages = {507--523},
  volume={6683}
}

@article{pearlmutter2009sleep,
  title={A new hypothesis for sleep: tuning for criticality},
  author={Pearlmutter, Barak A and Houghton, Conor J},
  journal={Neural computation},
  volume={21},
  number={6},
  pages={1622--1641},
  year={2009}, 
  publisher={MIT Press}
}

@MISC{Bastien-Theano-2012,
        author = {Bastien, Fr{\'{e}}d{\'{e}}ric and Lamblin, Pascal and Pascanu, Razvan and Bergstra, James and Goodfellow, Ian J. and Bergeron, Arnaud and Bouchard, Nicolas and Bengio, Yoshua},
         title = {Theano: new features and speed improvements},
          year = {2012},
  howpublished = {Deep Learning and Unsupervised Feature Learning NIPS 2012 Workshop}}
}

@INPROCEEDINGS{bergstra2010scipy,
     author = {Bergstra, James and Breuleux, Olivier and Bastien, Fr{\'{e}}d{\'{e}}ric and Lamblin, Pascal and Pascanu, Razvan and Desjardins, Guillaume and Turian, Joseph and Warde-Farley, David and Bengio, Yoshua},
      month = jun,
      title = {Theano: a {CPU} and {GPU} Math Expression Compiler},
  booktitle = {Proceedings of the Python for Scientific Computing Conference ({SciPy})},
       year = {2010},
   location = {Austin, TX},
       note = {Oral Presentation}}
}

@article{pearlmutter2008reverse,
  title={Reverse-mode {AD} in a functional framework: Lambda the ultimate backpropagator},
  author={Pearlmutter, Barak A. and Siskind, Jeffrey Mark},
  journal={ACM Transactions on Programming Languages and Systems (TOPLAS)},
  volume={30},
  number={2},
  pages={7},
  year={2008},
  publisher={ACM}
}

@article{solak2003derivative,
  title={Derivative observations in {G}aussian process models of dynamic systems},
  author={Solak, E. and Murray Smith, R. and Leithead, W.E. and Leith, D. and Rasmussen, Carl E.},
  journal={Advances in Neural Information Processing Systems},
  pages={1057--1064},
  year={2003},
  publisher={MIT Press}
}

@incollection{sequence2014,
title = {Sequence to Sequence Learning with Neural Networks},
author = {Sutskever, Ilya and Vinyals, Oriol and Le, Quoc V. V},
booktitle = {Advances in Neural Information Processing Systems 27},
pages = {3104--3112},
year = {2014},
publisher = {Curran Associates, Inc.}
}

@article{oliphant2007python,
  title={Python for scientific computing},
  author={Oliphant, Travis E},
  journal={Computing in Science \& Engineering},
  volume={9},
  number={3},
  pages={10--20},
  year={2007},
  publisher={AIP Publishing}
}

@ARTICLE{leapfrog1995,
   author = {{Hut}, P. and {Makino}, J. and {McMillan}, S.},
    title = "{Building a better leapfrog}",
  journal = {Astrophysical Journal, Part 2 - Letters},
     year = 1995,
    month = apr,
   volume = 443,
    pages = {L93-L96},
      doi = {10.1086/187844}
}

@article{pearlmutter1994fast,
  title={Fast exact multiplication by the {H}essian},
  author={Pearlmutter, Barak A.},
  journal={Neural computation},
  volume={6},
  number={1},
  pages={147--160},
  year={1994},
  publisher={MIT Press}
}

@phdthesis{steinruecken2014a,
    title = {Lossless Data Compression},
    author = {Christian Steinruecken},
    school = {{University of Cambridge}},
    year = {2014}
}

